@article{laporte_1992, title={The traveling salesman problem: An overview of exact and approximate algorithms}, volume={59}, DOI={10.1016/0377-2217(92)90138-y}, number={2}, journal={European Journal of Operational Research}, author={Laporte, Gilbert}, year={1992}, pages={231â€“247}}
@online{CS_Sci,
  author = {ERICA KLARREICH},
  title = {Computer Scientists Take Road Less Traveled},
  year = 2013,
  url = {https://www.quantamagazine.org/computer-scientists-find-new-shortcuts-to-traveling-salesman-problem-20130129/},
  urldate = {2019-12-05}
}
@misc{bnb-principles, title={branch and bound algorithms - principles and examples.}, url={https://janders.eecg.utoronto.ca/1387/readings/b_and_b.pdf}}
@misc{aa, title={approximation algorithm}, url={http://www.csl.mtu.edu/cs4321/www/Lectures/Lecture 28 - Approximation Algorithm.htm}, journal={Approximation Algorithm}}